%%% Papers on symmetric Boolean functions.

@article{Shannon-1938,
  author = {C. E. Shannon},
  title  = {A Symbolic Analysis of Relay and Switching Circuits},
  journal = {AIEE Transactions},
  volume  = {57},
  year    = {1938},
  pages   = {713--723},
}

@article{Maurer-2015,
  author = {P. M. Maurer},
  title  = {A Universal Symmetry Detection Algorithm},
  journal = {SpringerPlus},
  volume = {4},
  year = {2015},
  numpages = {30},
  note = {30 pages},
}

@article{AP-2008,
  author    = {Afshin Abdollahi and
               Massoud Pedram},
  title     = {Symmetry Detection and {B}oolean Matching Utilizing a Signature-Based
               Canonical Form of {B}oolean Functions},
  journal   = {{IEEE} Trans. on {CAD} of Integrated Circuits and Systems},
  volume    = {27},
  number    = {6},
  pages     = {1128--1137},
  year      = {2008},
}

@article{Biswas-1970,
  author    = {Nripendra N. Biswas},
  title     = {On Identification of Totally Symmetric {B}oolean Functions},
  journal   = {{IEEE} Trans. Computers},
  volume    = {19},
  number    = {7},
  pages     = {645--648},
  year      = {1970},
}

@article{BS-1968,
  author    = {Richard C. Born and
               Allan K. Scidmore},
  title     = {Transformation of Switching Functions to Completely Symmetric Switching
               Functions},
  journal   = {{IEEE} Trans. Computers},
  volume    = {17},
  number    = {6},
  pages     = {596--599},
  year      = {1968},
}

@inproceedings{Darga-etal-2008,
  author    = {Paul T. Darga and
               Karem A. Sakallah and
               Igor L. Markov},
  title     = {Faster symmetry discovery using sparsity of symmetries},
  booktitle = {Proceedings of the 45th Design Automation Conference, {DAC} 2008,
               Anaheim, CA, USA, June 8-13, 2008},
  pages     = {149--154},
  year      = {2008},
}

@article{Hu-etal-2008,
  author    = {Yu Hu and
               Victor Shih and
               Rupak Majumdar and
               Lei He},
  title     = {Exploiting Symmetries to Speed Up {SAT}-Based {B}oolean Matching for Logic
               Synthesis of {FPGA}s},
  journal   = {{IEEE} Trans. on {CAD} of Integrated Circuits and Systems},
  volume    = {27},
  number    = {10},
  pages     = {1751--1760},
  year      = {2008},
}

@article{TM-1996,
  author    = {Chien{-}Chung Tsai and
               Malgorzata Marek{-}Sadowska},
  title     = {Generalized {Reed-Muller} Forms as a Tool to Detect Symmetries},
  journal   = {{IEEE} Trans. Computers},
  volume    = {45},
  number    = {1},
  pages     = {33--40},
  year      = {1996},
}

@inproceedings{KS-2000,
   author = {V. N. Kravets and K. A. Sakallah},
   title  = {Generalized Symmetries in {B}oolean Functions},
   booktitle = {Proc. IEEE/ACM Intl. Conf. Computer Aided Design 2000 
                 (ICCAD-2000)},
   month = {Nov.},
   year  = {2000},
   pages = {526--532},
}

@article{HT-2016,
  author = {L. Haviarova and E. Toman},
  title = {Properties of Symmetric {B}oolean Functions},
  journal = {J. Applied Mathematics, Statistics and Informatics (JAMSI)},
  volume = {12},
  number = {1},
  year = {2016},
  pages = {5--24},
}

@article{Toth-etal-1977,
author = {P. Ecsedi-T{\'o}th and F. M{\'o}ricz and A. Varga},
title = {A note on symmetric {B}oolean functions},
journal = {Acta Cybernetica},
year = {1977},
volume = {3},
pages = {321--326},
number = {4}
}

%%%% Refs on r-symmetric Boolean functions.

@inproceedings{Rosenkrantz-etal-2015,
  author    = {Daniel J. Rosenkrantz and
               Madhav V. Marathe and
               Harry B. {Hunt III} and
               S. S. Ravi and
               Richard Edwin Stearns},
  title     = {Analysis Problems for Graphical Dynamical Systems: 
                {A} Unified Approach
               Through Graph Predicates},
  booktitle = {Proceedings of the 2015 International Conference on Autonomous Agents
               and Multiagent Systems, {AAMAS} 2015, Istanbul, Turkey, May 4-8, 2015},
  pages     = {1501--1509},
  year      = {2015},
}

@article{Barrett-etal-2007,
  author    = {Christopher L. Barrett and
               Harry B. {Hunt III} and
               Madhav V. Marathe and
               S. S. Ravi and
               Daniel J. Rosenkrantz and
               Richard Edwin Stearns and
               Mayur Thakur},
  title     = {Predecessor existence problems for finite discrete dynamical systems},
  journal   = {Theor. Comput. Sci.},
  volume    = {386},
  number    = {1-2},
  pages     = {3--37},
  year      = {2007},
}

@book{MR-2007,
   title={An Introduction to Sequential Dynamical Systems},
   author={H. Mortveit and C. Reidys},
   year={2007},
   publisher={Springer Science \& Business Media},
   address = {New York, NY},
}

@book{KV-1994,
  title={An Introduction to Computational Learning Theory},
  author={M. J. Kearns and U. V. Vazirani},
  year={1994},
  publisher={MIT Press},
  address = {Cambridge, MA},
}

%%%%% References on NCFs.

@misc{Paul-etal-2019,
  author = {E. Paul and G. Pogudin and W. Qin and R. Laubenbacher},
  title  = {The Dynamics of Canalizing {B}oolean Networks},
  howpublished = {arXiv:1902.00056v1 [q-bio.MN]},
  month = {Jan.},
  year = {2019},
}

@article{2017a-Kadelka-etal,
  author = {C. Kadelka and Y. Li and J. Kuipers and J. O. Adeyeye and
            R. Laubenbacher},
  title  = {Multistate nested canalizing functions and their networks},
  journal = {Theoretical Computer Science},
  volume = {675},
  year   = {2017},
  pages  = {1--14},
}


@article{2017b-Kadelka-etal,
  author = {C. Kadelka and J. Kuipers and R. Laubenbacher},
  title  = {The influence of  canalization on the robustness of 
            {B}oolean networks},
  journal = {Physica~D},
  volume = {353-354},
  year   = {2017},
  pages  = {39--47},
}

@article{Waddington-1942,
  author = {C. H. Waddington},
  title = {Canalyzation of development and the inheritance of
           acquired characters},
  journal = {Nature},
  volume = {150},
  number = {14},
  year = {1942},
  pages = {563--565},
}

@book{GJ-1979,
  author = {M. R. Garey and D. S. Johnson},
  title  = {Computers and Intractability: A Guide to the Theory of
            NP-completeness},
  publisher = {W. H. Freeman \& Co.},
  address = {San Francisco, CA},
  year = {1979},
}

@book{Crama-Hammer-2011,
  author = {Y. Crama and P. Hammer},
  title = {Boolean Functions: Theory, Algorithms, and Applications},
  publisher = {Cambridge University Press},
  address = {New York, NY},
  year = {2011},
}


@article{Stearns-etal-2018,
  author = {R. E. Stearns and D. J. Rosenkrantz and S. S. Ravi and
            Madhav V. Marathe},
  title  = {A Characterization of Nested Canalyzing Functions with
            Maximum Average Sensitivity},
  journal = {Discrete Applied Mathematics}, 
  volume  = {251},
  year    = {2018}, 
  pages   = {5--14},
}

@misc{Rosenkrantz-etal-2017,
  author = {D. J. Rosenkrantz and Madhav V. Marathe and S. S. Ravi 
            and R. E. Stearns},
  title  = {Computational Aspects of Discrete Dynamical Systems with 
            Nested Canalyzing Functions},
  howpublished = {In preparation},
  year = {2017},
}

@book{Odonnell-2014,
  author = {R. O'Donnell},
  title = {Analysis of {B}oolean Functions},
  publisher = {Cambridge University Press},
  address = {New York, NY},
  year = {2014},
}

@misc{Karthik-etal-2016,
  author = {C. S. Karthik and S. Tavenas},
  title  = {On the Sensitivity Conjecture for Disjunctive Normal
            Forms}, 
  howpublished = {arXiv:1607.05189v1 [cs.CC]},
  month = {July},
  year = {2016},
}

@inproceedings{Gopalan-etal-2016,
  author = {P. Gopalan and N. Nisan and R. A. Servedio and K. Talwar
            and A. Wigderson},
  title = {Smooth {B}oolean Functions are easy: Efficient Algorithms 
           for Low-sensitivity Functions},
  booktitle = {Proc. 7th Innovations in Theoretical Computer 
               Science Conference (ITCS)}, 
  year = {2016},
  pages = {59--70},
}

@misc{BenDavid-etal-2016,
  author = {S. Ben-David},
  title = {Low-sensitivity Functions from Unambiguous Certificates},
  howpublished = {Electronic Colloquium on Computational Complexity,
                  Report No. 84},
  year = {2016},
}

@article{Hatami-etal-2011,
  author = {P. Hatami and R. Kulkarni and D. Pankratov},
  title = {Variations on the Sensitivity Conjecture},
  journal = {Theory of Computing Library, Graduate Surveys},
  volume = {4},
  year = {2011},
  pages = {1--27},
}

@article{Buhrman-etal-2002,
  author = {H. Buhrman and R. {de~Wolf}},
  title  = {Complexity Measures and Decision Tree Complexity: {A} Survey},
  journal = {Theoretical Computer Science},
  volume  = {288},
  year    = {2002},
  pages = {21--43},
}

@article{Nisan-etal-1994,
  author = {N. Nisan and M. Szegedy},
  title  = {On the Degree of {B}oolean functions as Real Polynomials},
  journal = {Computational Complexity},
  volume  = {4},
  year  = {1994},
  pages =  {301--313},
}

@misc{Zhang-2011,
  author = {S. Zhang},
  title  = {Note on the Average Sensitivity of Monotone {B}oolean Functions},
  howpublished = {Preprint},
  year = {2011},
  note = {4 pages},
}

@misc{Li-etal-2012,
  author = {Y. Li and J. O. Adeyeye},
  title  = {Sensitivity and Block Sensitivity of Nested Canalyzing Functions},
  howpublished = {arXiv:1209.1597v1 [cs.DM]},
  month = {Sept.},
  year = {2012},
}

@article{Kauffman-1969,
  author = {S. Kauffman},
  title  = {Metabolic Stability and epigenesis in randomly constructed
            genetic nets},
  journal = {J. Theoretical Biology},
  volume  = {22},
  number  = {3},
  year    = {1969},
  pages   = {437--467},
}

@article{Kauffman-etal-2003,
  author = {S. Kauffman and C. Peterson and B. Samuelsson and C. Troein},
  title  = {Random {B}oolean network models and the yeast transcriptional network},
  journal = {Proc. National Academy of Sciences (PNAS)},
  volume = {100},
  number = {25},
  month = {Dec.},
  year = {2003},
  pages = {14796--14799},
}

@article{Kauffman-etal-2004,
  author = {S. Kauffman and C. Peterson and B. Samuelsson and C. Troein},
  title  = {Genetic networks with canalyzing {B}oolean rules are always stable},
  journal = {Proc. National Academy of Sciences (PNAS)},
  volume = {101},
  number = {49},
  month = {Dec.},
  year = {2004},
  pages = {17102--17107},
}

@article{Layne-etal-2012,
  author = {Layne, Lori and Dimitrova, Elena and Macauley, Matthew},
  title  = {Nested Canalyzing Depth and Network Stability},
  journal= {Bulletin of Mathematical Biology},
  year   = {2012},
  volume = {74},
  number = {2},
  pages  = {422--433},
}

@phdthesis{Layne-2011,
  author = {Lori Layne},
  title  = {Biologically Relevant Classes of {B}oolean Functions},
  school = {Department of Mathematics, Clemson University},
  year = {2011},
}

@article{Jarrah-etal-2007,
  author = {A. S. Jarrah and B. Raposa and R. Laubenbacher},
  title = {Nested Canalyzing, Unate Cascade and Polynomial Functions},
  journal = {Physica~D},
  volume = {233},
  number = {2},
  month = {Sept.},
  year = {2007},
  pages = {167--174},
}

@article{Li-etal-2013,
  author    = {Yuan Li and
               John O. Adeyeye and
               David Murrugarra and
               Boris Aguilar and
               Reinhard C. Laubenbacher},
  title     = {{B}oolean nested canalizing functions: {A} comprehensive analysis},
  journal   = {Theoretical Computer Science},
  volume    = {481},
  pages     = {24--36},
  year      = {2013},
}

@misc{Li-etal-2011,
  author    = {Yuan Li and
               John O. Adeyeye and
               Reinhard C. Laubenbacher},
  title     = {Nested Canalyzing Functions And Their Average Sensitivities},
  howpublished  = {arXiv:1111.7217v1 [cs.DM]},
  month = {Nov.},
  year      = {2011},
}

@article{Klotz-etal-2013,
  author = {J. G. Klotz and R. Heckel and S. Schober},
  title = {Bounds on the Average Sensitivity of Nested Canalyzing Functions},
  journal = {{PLOS} One},
  volume = {8},
  issue = {5},
  month = {May},
  year = {2013},
  pages = {8 pages},
}

